00568cas a22002171a 4500
001 999306353502836
003 Nz
005 20220202152934.0
008 040108d19801980nz wr ne      0   a0eng d
035    $a (NLNZils)930635
035    $a (Nz)8172451
035    $a (NLNZils)930635-ilsdb
035    $a (OCoLC)946531444
040    $a WN $c WN
042    $a nznb
043    $a u-nz---
245 00 $a New Zealand large print weekly.
260    $a [Palmerston North, N.Z. : $b s.n., $c 1980]
310    $a Weekly
362 0  $a 1980 Mar.10-1980 Dec.2?
655  7 $a New Zealand newspapers. $2 local $5 Nz
